@ARTICLE{wls1,  
	author={Tomic, Slavisa and Beko, Marko and Dinis, Rui},  
	journal={IEEE Transactions on Vehicular Technology},   
	title={3-D Target Localization in Wireless Sensor Networks Using RSS and AoA Measurements},   
	year={2017},  
	volume={66},  
	number={4},  
	pages={3197-3210},  
	doi={10.1109/TVT.2016.2589923}}
@ARTICLE{wls2,  
	author={Tomic, Slavisa and Beko, Marko and Tuba, Milan},  journal={IEEE Signal Processing Letters},   
	title={A Linear Estimator for Network Localization Using Integrated RSS and AOA Measurements},   
	year={2019},  
	volume={26},  
	number={3},  
	pages={405-409},  
	doi={10.1109/LSP.2019.2892225}}
@article{wsl3,
	author={Tomica,Slavisa and Bekob,Marko and Dinisd,Rui and Montezumad,Paulo },
	journal={Pervasive and Mobile Computing},
	title={Distributed algorithm for target localization in wireless sensor networks using RSS and AoA measurements},
	year={2016},
	volume={37},
	pages={63-77},
	dio={10.1016/j.pmcj.2016.09.013}
}
@article{wsl4,
	author={Tomica,Slavisa and Bekob,Marko and Dinisd,Rui and Lu\'is Bernardo},
	journal={Sensors},
	title={On Target Localization Using Combined RSS and AoA Measurements},
	year={2018},
	volume={18},
	number={4},
	pages={1266},
	dio={10.3390/s18041266}
}
@article{bls5,
	author={Qinghua, Luo and Xiaozhen, Yan and Chunyu, Ju and Yunsai, Chen and Zhenhua, Luo},
	journal={Sensors},
	title={An Ultra-Short Baseline Underwater Positioning System with Kalman Filtering},
	year={2020},
	volume={21},
	number={1},
	pages={143},
	dio={10.3390/s21010143}
}
@INPROCEEDINGS{bls6,  
	author={Yang Juan and Xu Feng},  
	booktitle={2009 4th IEEE Conference on Industrial Electronics and Applications},   
	title={A new method for the underwater acoustic positioning: Virtual short baseline positioning},   
	year={2009},  
	volume={},  
	number={},  
	pages={3910-3913},  
	doi={10.1109/ICIEA.2009.5138940}}
@INPROCEEDINGS{bls7,  
	author={Cheng, Qian and Wang, Yingmin and Zhu, Guolei},  booktitle={OCEANS 2019 - Marseille},   
	title={Data Optimization Algorithm for Short Baseline Acoustic Positioning System based on Substructure of Multi-element Array},   
	year={2019},  
	volume={},  
	number={},  
	pages={1-5},  
	doi={10.1109/OCEANSE.2019.8867112}}
@article{bls8,
	author={喻,敏 and 丁,贤君 and 张,晓亮 and 祝,明思},
	journal={兵工学报},
	title={改进的超短基线系统自适应相位差估计器},
	year={2021},
	pages={1-8},
	url={https://kns.cnki.net/kcms/detail/detail.aspx?FileName=BIGO20210409001&DbName=CAPJ2021}
}
@article{9,
	author={谢强},
	journal={哈尔滨工程大学},
	title={被动测向单站无源定位与跟踪算法研究与实现},
	year={2019}
}
@article{10,
	author={孙仲康 and 郭福成 and 冯道旺 and 等},
	journal={国防工业出版社},
	title={北京：单站无源定位跟踪技术},
	year={2008}
}
@article{11,
	author={陆效梅},
	journal={舰船电子对抗},
	title={单站无源定位技术综述},
	year={2003},
	pages={20-23}
}
@article{12,
	author={冯,道旺 and 李,宗华 and 周,一宇 and 孙,仲康},
	journal={国防科技大学学报},
	title={一种单站无源定位方法及其可观测性分析},
	year={2004},
	number={01},
	pages={68-71},
}
@ARTICLE{bo1,  
	author={Nardone, Steven C. and Aidala, Vincent J.},  
	journal={IEEE Transactions on Aerospace and Electronic Systems},   
	title={Observability Criteria for Bearings-Only Target Motion Analysis},   
	year={1981},  
	volume={AES-17},  
	number={2},  
	pages={162-166},  
	doi={10.1109/TAES.1981.309141}
}
@ARTICLE{bo2,  
	author={Hammel, Sherry E. and Aidala, Vincent J.},  journal={IEEE Transactions on Aerospace and Electronic Systems},   
	title={Observability Requirements for Three-Dimensional Tracking via Angle Measurements},   
	year={1985},  
	volume={AES-21},  
	number={2},  
	pages={200-207},  
	doi={10.1109/TAES.1985.310617}
}
@article{15,
	author={Yi-Chao, Cao},
	journal={Journal of Electronic Science and Technology of China},
	title={Target Localization Based on Angle of Arrivals},
	year={2007},
	number={02},
	pages={172-174}
}
@article{16,
	author={夏,忠婷 and 武,洋 and 黄,苏豫},
	journal={计算机与数字工程},
	title={基于SVD-UKF单站无源定位算法研究},
	year={2016},
	volume={44},
	number={03},
	pages={445-448}
}
@article{17,
	author={ 徐,本连 and 董,学平 and 王,执铨},
	journal={系统仿真学报},
	title={一种快速近似无偏的双基阵纯方位目标定位方法},
	year={2005},
	number={03},
	pages={552-554+562}
}
@article{18,
	author={王,鼎 and 林,四川 and 李,长胜},
	journal={雷达科学与技术},
	title={双站基于角度和时差的近似无偏定位算法},
	year={2008},
	number={05},
	pages={371-377}
}
@article{19,
	author={李,炳荣 and 丁,善荣 and 马,强},
	journal={中国电子科学研究院学报},
	title={ 扩展卡尔曼滤波在无源定位中的应用研究},
	year={2011},
	volume={6},
	number={06},
	pages={622-625}
}
@article{20,
	author={马,凌 and 蒋,外文 and 张,肖霞},
	journal={计算机工程与应用},
	title={基于改进扩展卡尔曼滤波的单站无源定位算法},
	year={2016},
	volume={52},
	number={10},
	pages={124-127}
}